<record><leader>01135cam a2200277 a 4500</leader><controlfield tag="001">1375614</controlfield><controlfield tag="008">910521s1985    abc    j          0 eng c</controlfield><datafield ind1=" " ind2=" " tag="035"><subfield code="a">ocm70345924</subfield></datafield><datafield ind1=" " ind2=" " tag="040"><subfield code="b">eng</subfield></datafield><datafield ind1=" " ind2=" " tag="049"><subfield code="a">AEU</subfield><subfield code="b">eng</subfield></datafield><datafield ind1=" " ind2="3" tag="055"><subfield code="a">LB 1574</subfield><subfield code="b">E24 1985</subfield></datafield><datafield ind1=" " ind2=" " tag="090"><subfield code="a">LB 1574 E24 1985</subfield><subfield code="b">ARDC</subfield></datafield><datafield ind1="0" ind2=" " tag="090"><subfield code="a">LB 1574 E24 1985</subfield><subfield code="b">AEC</subfield></datafield><datafield ind1="0" ind2=" " tag="090"><subfield code="a">LB 1574 E24 1985</subfield></datafield><datafield ind1="0" ind2="2" tag="245"><subfield code="a">A spelling handbook :</subfield><subfield code="b">grades 1-6.</subfield></datafield><datafield ind1=" " ind2=" " tag="260"><subfield code="a">[Edmonton] :</subfield><subfield code="b">Edmonton Public Schools, Instructional Services Division,</subfield><subfield code="c">1985.</subfield></datafield><datafield ind1=" " ind2=" " tag="300"><subfield code="a">1 v. (various pagings) ;</subfield><subfield code="c">28 cm.</subfield></datafield><datafield ind1=" " ind2=" " tag="336"><subfield code="a">text</subfield><subfield code="b">txt</subfield><subfield code="2">rdacontent</subfield></datafield><datafield ind1=" " ind2=" " tag="337"><subfield code="a">unmediated</subfield><subfield code="b">n</subfield><subfield code="2">rdamedia</subfield></datafield><datafield ind1=" " ind2=" " tag="338"><subfield code="a">volume</subfield><subfield code="b">nc</subfield><subfield code="2">rdacarrier</subfield></datafield><datafield ind1=" " ind2=" " tag="500"><subfield code="a">Cover title.</subfield></datafield><datafield ind1=" " ind2=" " tag="596"><subfield code="a">35 41</subfield></datafield><datafield ind1=" " ind2="0" tag="650"><subfield code="a">English language</subfield><subfield code="x">Orthography and spelling</subfield><subfield code="x">Study and teaching (Elementary).</subfield><subfield code="v">Juvenile literature.</subfield></datafield><datafield ind1="2" ind2=" " tag="710"><subfield code="a">Edmonton Public School Board.</subfield><subfield code="b">Instructional Services Division.</subfield></datafield><datafield ind1=" " ind2=" " tag="926"><subfield code="a">LB 1574 E24 1985</subfield><subfield code="w">LC</subfield><subfield code="c">1</subfield><subfield code="i">000036519122</subfield><subfield code="d">8/13/2012</subfield><subfield code="e">8/7/2012</subfield><subfield code="l">CURRICULUM</subfield><subfield code="m">UAEDUC</subfield><subfield code="n">23</subfield><subfield code="p">$150.00</subfield><subfield code="r">Y</subfield><subfield code="s">Y</subfield><subfield code="t">BOOK</subfield><subfield code="u">5/24/1991</subfield></datafield><datafield ind1=" " ind2=" " tag="926"><subfield code="a">LB 1574 E24 1985</subfield><subfield code="w">LC</subfield><subfield code="c">1</subfield><subfield code="i">30125301750567</subfield><subfield code="d">6/25/2001</subfield><subfield code="l">CURRICULUM</subfield><subfield code="m">RED_DEER_C</subfield><subfield code="n">1</subfield><subfield code="p">$75.00</subfield><subfield code="r">Y</subfield><subfield code="s">Y</subfield><subfield code="t">CURR_BOOK</subfield><subfield code="u">5/28/1997</subfield></datafield></record>